<record><leader>00000cas a2200000 a 4500</leader><controlfield tag="001">2257236</controlfield><controlfield tag="008">760620d18021853mdudn ne      0   a0eng  </controlfield><datafield ind1=" " ind2=" " tag="010"><subfield code="a">sn 84031211 </subfield></datafield><datafield ind1=" " ind2=" " tag="040"><subfield code="a">PIT</subfield><subfield code="b">eng</subfield><subfield code="c">PIT</subfield><subfield code="d">NYG</subfield><subfield code="d">DLC</subfield><subfield code="d">OCL</subfield><subfield code="d">NPX</subfield><subfield code="d">DLC</subfield><subfield code="d">NPY</subfield><subfield code="d">YOX</subfield><subfield code="d">MFN</subfield><subfield code="d">DEX</subfield><subfield code="d">NPH</subfield><subfield code="d">MFN</subfield><subfield code="d">KNP</subfield><subfield code="d">NVF</subfield><subfield code="d">CNW</subfield><subfield code="d">CNK</subfield><subfield code="d">NVK</subfield><subfield code="d">NVF</subfield><subfield code="d">DLC</subfield><subfield code="d">DCN</subfield><subfield code="d">OCL</subfield><subfield code="d">NVK</subfield><subfield code="d">TGN</subfield><subfield code="d">NYS</subfield><subfield code="d">CRL</subfield><subfield code="d">KRTAS</subfield><subfield code="d">DLC</subfield><subfield code="d">OCLCQ</subfield><subfield code="d">HUL</subfield><subfield code="d">OCLCF</subfield><subfield code="d">DLC</subfield></datafield><datafield ind1=" " ind2=" " tag="012"><subfield code="b">3</subfield><subfield code="l">1</subfield></datafield><datafield ind1=" " ind2=" " tag="019"><subfield code="a">9243909</subfield><subfield code="a">228740496</subfield></datafield><datafield ind1="0" ind2=" " tag="022"><subfield code="a">2325-3169</subfield><subfield code="l">2325-3169</subfield><subfield code="2">1</subfield></datafield><datafield ind1=" " ind2=" " tag="042"><subfield code="a">pcc</subfield><subfield code="a">nsdp</subfield></datafield><datafield ind1=" " ind2=" " tag="043"><subfield code="a">n-us-md</subfield></datafield><datafield ind1="0" ind2="0" tag="050"><subfield code="a">Newspaper</subfield></datafield><datafield ind1="0" ind2="0" tag="082"><subfield code="a">071</subfield><subfield code="2">23</subfield></datafield><datafield ind1="0" ind2=" " tag="130"><subfield code="a">American, and commercial daily advertiser (Baltimore, Md. : Daily)</subfield></datafield><datafield ind1=" " ind2="0" tag="222"><subfield code="a">American, and commercial daily advertiser (Baltimore, Md. : Daily)</subfield></datafield><datafield ind1="1" ind2="0" tag="245"><subfield code="a">American, and commercial daily advertiser.</subfield></datafield><datafield ind1="3" ind2=" " tag="246"><subfield code="a">Commercial daily advertiser</subfield></datafield><datafield ind1="1" ind2=" " tag="246"><subfield code="i">Published as:</subfield><subfield code="a">American &amp; commercial daily advertiser</subfield><subfield code="f">July 2, 1810-1853</subfield></datafield><datafield ind1=" " ind2=" " tag="260"><subfield code="a">Baltimore [Md.] :</subfield><subfield code="b">W. Pechin,</subfield><subfield code="c">[1802]-1853.</subfield></datafield><datafield ind1=" " ind2=" " tag="300"><subfield code="a">v.</subfield></datafield><datafield ind1=" " ind2=" " tag="310"><subfield code="a">Daily (except Sunday)</subfield></datafield><datafield ind1="1" ind2=" " tag="362"><subfield code="a">Began in Sept. 1802.</subfield></datafield><datafield ind1="0" ind2=" " tag="362"><subfield code="a">-v. 108, no. 17890 (Dec. 31, 1853).</subfield></datafield><datafield ind1=" " ind2=" " tag="500"><subfield code="a">Publisher varies: Pechin &amp; Frailey, &lt;1804&gt;; Dobbin, Murphy &amp; Bose &lt;Dec. 24, 1829-Apr. 6, 1841&gt;</subfield></datafield><datafield ind1=" " ind2=" " tag="515"><subfield code="a">Contains several numbering irregularities.</subfield></datafield><datafield ind1=" " ind2=" " tag="525"><subfield code="a">Accompanied by occasional supplements.</subfield></datafield><datafield ind1=" " ind2=" " tag="530"><subfield code="a">Also issued on microfilm from University Microfilms.</subfield></datafield><datafield ind1=" " ind2=" " tag="588"><subfield code="a">Description based on: Vol. 5, no. 1034 (Sept. 4, 1802).</subfield></datafield><datafield ind1=" " ind2="0" tag="651"><subfield code="a">Baltimore (Md.)</subfield><subfield code="v">Newspapers.</subfield></datafield><datafield ind1=" " ind2="0" tag="651"><subfield code="a">Baltimore County (Md.)</subfield><subfield code="v">Newspapers.</subfield></datafield><datafield ind1=" " ind2="7" tag="651"><subfield code="a">Maryland</subfield><subfield code="z">Baltimore.</subfield><subfield code="2">fast</subfield><subfield code="0">(OCoLC)fst01204292</subfield></datafield><datafield ind1=" " ind2="7" tag="651"><subfield code="a">Maryland</subfield><subfield code="z">Baltimore County.</subfield><subfield code="2">fast</subfield><subfield code="0">(OCoLC)fst01204502</subfield></datafield><datafield ind1=" " ind2="7" tag="655"><subfield code="a">Newspapers.</subfield><subfield code="2">fast</subfield><subfield code="0">(OCoLC)fst01423814</subfield></datafield><datafield ind1=" " ind2=" " tag="752"><subfield code="a">United States</subfield><subfield code="b">Maryland</subfield><subfield code="c">Baltimore</subfield><subfield code="d">Baltimore.</subfield></datafield><datafield ind1="0" ind2=" " tag="775"><subfield code="t">American, and commercial daily advertiser (Baltimore, Md. : Triweekly)</subfield><subfield code="x">2333-0724</subfield><subfield code="w">(DLC)sn 84038664</subfield><subfield code="w">(OCoLC)11406857</subfield></datafield><datafield ind1="0" ind2=" " tag="775"><subfield code="t">American and commercial daily advertiser (Baltimore, Md. : 1826)</subfield><subfield code="x">2333-0767</subfield><subfield code="w">(DLC)sn 93053987</subfield><subfield code="w">(OCoLC)28227045</subfield></datafield><datafield ind1="0" ind2="0" tag="780"><subfield code="t">American and daily advertiser</subfield><subfield code="x">2333-0708</subfield><subfield code="w">(DLC)sn 83009602</subfield><subfield code="w">(OCoLC)9230831</subfield></datafield><datafield ind1="0" ind2="5" tag="780"><subfield code="t">Baltimore Whig</subfield><subfield code="x">2328-3017</subfield><subfield code="w">(DLC)sn 83016099</subfield><subfield code="w">(OCoLC)9404194</subfield></datafield><datafield ind1="0" ind2="0" tag="785"><subfield code="t">American and commercial advertiser (Baltimore, Md. : 1854)</subfield><subfield code="x">2325-3177</subfield><subfield code="w">(DLC)sn 85042111</subfield><subfield code="w">(OCoLC)11779116</subfield></datafield><datafield ind1=" " ind2=" " tag="938"><subfield code="a">Kirtas Technologies, Inc.</subfield><subfield code="b">KRTS</subfield><subfield code="n">734140</subfield></datafield><datafield ind1="1" ind2=" " tag="029"><subfield code="a">AU@</subfield><subfield code="b">000020340328</subfield></datafield></record>